<record><leader>00000cas a2200000 i 4500</leader><controlfield tag="001">18687659</controlfield><controlfield tag="008">881028d185818uuwau x ne      0    0eng c</controlfield><datafield ind1=" " ind2=" " tag="010"><subfield code="a">sn 88087162 </subfield></datafield><datafield ind1=" " ind2=" " tag="040"><subfield code="a">SLZ</subfield><subfield code="b">eng</subfield><subfield code="e">rda</subfield><subfield code="c">SLZ</subfield><subfield code="d">OCL</subfield><subfield code="d">CVF</subfield><subfield code="d">UKMGB</subfield><subfield code="d">OCLCQ</subfield><subfield code="d">OCLCF</subfield><subfield code="d">OCLCO</subfield><subfield code="d">IUL</subfield><subfield code="d">OCL</subfield><subfield code="d">OCLCQ</subfield><subfield code="d">NLC</subfield></datafield><datafield ind1="7" ind2=" " tag="016"><subfield code="a">013933759</subfield><subfield code="2">Uk</subfield></datafield><datafield ind1="7" ind2=" " tag="016"><subfield code="a">013933989</subfield><subfield code="2">Uk</subfield></datafield><datafield ind1=" " ind2=" " tag="016"><subfield code="a">(AMICUS)000021669964</subfield></datafield><datafield ind1=" " ind2=" " tag="042"><subfield code="a">pcc</subfield></datafield><datafield ind1=" " ind2=" " tag="043"><subfield code="a">n-us-wa</subfield></datafield><datafield ind1="0" ind2=" " tag="130"><subfield code="a">Truth teller (Steilacoom, Wash.)</subfield></datafield><datafield ind1="1" ind2="0" tag="245"><subfield code="a">Truth teller.</subfield></datafield><datafield ind1=" " ind2="1" tag="264"><subfield code="a">Steilacoom, W.T. [Wash.] :</subfield><subfield code="b">Ann Onymous</subfield></datafield><datafield ind1=" " ind2=" " tag="300"><subfield code="a">2 volumes</subfield></datafield><datafield ind1=" " ind2=" " tag="310"><subfield code="a">Irregular</subfield></datafield><datafield ind1=" " ind2=" " tag="336"><subfield code="a">text</subfield><subfield code="b">txt</subfield><subfield code="2">rdacontent</subfield></datafield><datafield ind1=" " ind2=" " tag="337"><subfield code="a">unmediated</subfield><subfield code="b">n</subfield><subfield code="2">rdamedia</subfield></datafield><datafield ind1=" " ind2=" " tag="338"><subfield code="a">volume</subfield><subfield code="b">nc</subfield><subfield code="2">rdacarrier</subfield></datafield><datafield ind1="0" ind2=" " tag="362"><subfield code="a">Vol. no. 000 (February 3, 1858)-</subfield></datafield><datafield ind1="1" ind2=" " tag="362"><subfield code="a">Ceased with vol. no. 000 (February 25, 1868).</subfield></datafield><datafield ind1=" " ind2=" " tag="500"><subfield code="a">"Devoted to the dissemination of truth, and suppression of Humbug."</subfield></datafield><datafield ind1=" " ind2="0" tag="650"><subfield code="a">Indians of North America</subfield><subfield code="x">Wars</subfield><subfield code="z">Washington (State)</subfield><subfield code="z">Yakima</subfield><subfield code="v">Newspapers.</subfield></datafield><datafield ind1=" " ind2="0" tag="650"><subfield code="a">Nisqually Indians</subfield><subfield code="x">Government relations</subfield><subfield code="v">Newspapers.</subfield></datafield><datafield ind1="0" ind2="0" tag="600"><subfield code="a">Leschi,</subfield><subfield code="c">Nisqually chief,</subfield><subfield code="d">-1858.</subfield></datafield><datafield ind1=" " ind2="0" tag="651"><subfield code="a">Steilacoom (Wash.)</subfield><subfield code="v">Newspapers.</subfield></datafield><datafield ind1="0" ind2="7" tag="600"><subfield code="a">Leschi,</subfield><subfield code="c">Nisqually chief,</subfield><subfield code="d">-1858.</subfield><subfield code="2">fast</subfield><subfield code="0">(OCoLC)fst01830602</subfield></datafield><datafield ind1=" " ind2="7" tag="650"><subfield code="a">Indians of North America</subfield><subfield code="x">Wars.</subfield><subfield code="2">fast</subfield><subfield code="0">(OCoLC)fst00969954</subfield></datafield><datafield ind1=" " ind2="7" tag="650"><subfield code="a">Nisqually Indians</subfield><subfield code="x">Government relations.</subfield><subfield code="2">fast</subfield><subfield code="0">(OCoLC)fst01037934</subfield></datafield><datafield ind1=" " ind2="7" tag="651"><subfield code="a">Washington (State)</subfield><subfield code="z">Steilacoom.</subfield><subfield code="2">fast</subfield><subfield code="0">(OCoLC)fst01230620</subfield></datafield><datafield ind1=" " ind2="7" tag="651"><subfield code="a">Washington (State)</subfield><subfield code="z">Yakima.</subfield><subfield code="2">fast</subfield><subfield code="0">(OCoLC)fst01205471</subfield></datafield><datafield ind1=" " ind2="7" tag="655"><subfield code="a">Newspapers.</subfield><subfield code="2">fast</subfield><subfield code="0">(OCoLC)fst01423814</subfield></datafield><datafield ind1="1" ind2=" " tag="700"><subfield code="a">Kautz, August V.</subfield><subfield code="q">(August Valentine),</subfield><subfield code="d">1828-1895,</subfield><subfield code="e">author,</subfield><subfield code="e">producer.</subfield></datafield><datafield ind1="1" ind2=" " tag="700"><subfield code="a">Tolmie, William Fraser,</subfield><subfield code="e">author,</subfield><subfield code="e">producer.</subfield></datafield><datafield ind1=" " ind2=" " tag="752"><subfield code="a">United States</subfield><subfield code="b">Washington</subfield><subfield code="c">Pierce</subfield><subfield code="d">Steilacoom.</subfield></datafield><datafield ind1="0" ind2="8" tag="776"><subfield code="i">Online version:</subfield><subfield code="t">Truth teller (Steilacoom, Wash.)</subfield><subfield code="w">(OCoLC)420291982</subfield></datafield><datafield ind1="4" ind2="1" tag="856"><subfield code="u">http://www.sos.wa.gov/history/newspapers_detail.aspx?t=43</subfield></datafield></record>